
@misc{cachetlb,
	key = {Cache and TLB flush},
	title = {Cache and TLB Flushing Under Linux},
	howpublished = {\url{https://www.kernel.org/doc/Documentation/cachetlb.txt}},
	year = {2017},
}

@misc{tsclibrary,
	key = {TSC Library},
	title = {TSC Library},
	howpublished = {\url{https://github.com/dterei/tsc}},
	year = {2017},
}

@misc{kprobe,
	key = {KProbe},
	title = {KProbes - An introduction to KProbes.},
	howpublished = {\url{https://lwn.net/Articles/132196/}},
	year = {2017},
}


@inproceedings{lim,
	author = {Lim, Kevin and Chang, Jichuan and Mudge, Trevor and Ranganathan, Parthasarathy and Reinhardt, Steven K. and Wenisch, Thomas F.},
	title = {Disaggregated Memory for Expansion and Sharing in Blade Servers},
	booktitle = {Proceedings of the 36th Annual International Symposium on Computer Architecture},
	series = {ISCA '09},
	year = {2009},
	isbn = {978-1-60558-526-0},
	location = {Austin, TX, USA},
	pages = {267--278},
	numpages = {12},
	url = {http://doi.acm.org/10.1145/1555754.1555789},
	doi = {10.1145/1555754.1555789},
	acmid = {1555789},
	publisher = {ACM},
	address = {New York, NY, USA},
	keywords = {disaggregated memory, memory blades, memory capacity expansion, power and cost efficiencies}
} 

@inproceedings{Gao,
	author = {Gao, Peter X. and Narayan, Akshay and Karandikar, Sagar and Carreira, Joao and Han, Sangjin and Agarwal, Rachit and Ratnasamy, Sylvia and Shenker, Scott},
	title = {Network Requirements for Resource Disaggregation},
	booktitle = {Proceedings of the 12th USENIX Conference on Operating Systems Design and Implementation},
	series = {OSDI'16},
	year = {2016},
	isbn = {978-1-931971-33-1},
	location = {Savannah, GA, USA},
	pages = {249-264},
	numpages = {16},
	url = {http://dl.acm.org/citation.cfm?id=3026877.3026897},
	acmid = {3026897},
	publisher = {USENIX Association},
	address = {Berkeley, CA, USA},
	chapter = 1,
} 

@online{seamicro,
	title = {seamicro technology overview. https://goo.gl/bePyYT, June 2017},
	url = {www.seamicro.com/sites/default/files/SM_TO01_64_v2.5.pdf},
	urldate = {14 Oct, 2017},
	year = 2017
}



@online{intel_rsa,
	title = {Intel Rack Scale Architecture: Faster Service Delivery and Lower TCO. http://intel.ly/1SUMgP1, June 2017},
	url = {http://intel.ly/1SUMgP1},
	urldate = {14 Oct, 2017},
	year = 2017
}


@online{firebox,
	author = {Krste Asanovic and David Patterson},
	title = {FireBox: A Hardware Building Block for 2020 Warehouse-Scale Computers. In USENIX FAST(2014)},
	url = {http://bit.ly/1U7PXGi},
	urldate = {14 Oct, 2017},
	year = 2017
}


@online{dredbox,
	author = {K. Katrinis et al.},
	title = {Rack-scale Disaggregated cloud data centers: The dReDBox project vision. In DATE(2016).},
	url = {http://bit.ly/1SeSVI0},
	urldate = {14 Oct, 2017},
	year = 2017
}

@online{facebook_disaggr,
	title = {{Facebook Disaggregated Rack. https://goo.gl/WQcg15, June 2017}},
	url = {https://goo.gl/WQcg15},
	urldate = {14 Oct, 2017},
	year = 2017
}


@online{memcached,
	key = {Memcached},
	title = {Memcached - A distributed memory object caching system. https://memcached.org/},
	url = {https://memcached.org/},
	urldate = {14 Oct, 2017},
	year = 2017
}


@online{redis,
	key = {Redis},
	title = {Redis - An in-memory data structure store. https://redis.io/, June 2017},
	url = {https://redis.io/},
	urldate = {14 Oct, 2017},
	year = 2017
}

@online{tsc,
	key = {TSC},
	title = {Time Stamp Counter. https://goo.gl/v5GpRq, June 2017},
	url = {https://goo.gl/v5GpRq},
	urldate = {14 Oct, 2017},
	year = 2017
}

@online{timers,
	key = {Timers in Linux},
	title = {Timers in Linux - Information on the various kernel delay / sleep mechanism. https://www.kernel.org/doc/Documentation/timers/timers-howto.txt, June 2017},
	url = {https://www.kernel.org/doc/Documentation/timers/timers-howto.txt},
	urldate = {14 Oct, 2017},
	year = 2017
}

@online{clock_sources,
	key = {Clock Sources in Linux},
	title = {{Clock sources, Clock events, sched\_clock() and delay timers https://www.kernel.org/doc/Documentation/timers/timekeeping.txt, June 2017}},
	url = {https://www.kernel.org/doc/Documentation/timers/timekeeping.txt},
	urldate = {14 Oct, 2017},
	year = 2017
}

@online{measure_timelapse,
	key = {Measuring Time Lapses},
	title = {Measuring Time Lapses
	http://www.makelinux.net/ldd3/chp-7-sect-1, June 2017},
	url = {http://www.makelinux.net/ldd3/chp-7-sect-1},
	urldate = {14 Oct, 2017},
	year = 2017
}



@inproceedings{resource_diaggr,
	author = {Han, Sangjin and Egi, Norbert and Panda, Aurojit and Ratnasamy, Sylvia and Shi, Guangyu and Shenker, Scott},
	title = {Network Support for Resource Disaggregation in Next-generation Datacenters},
	booktitle = {Proceedings of the Twelfth ACM Workshop on Hot Topics in Networks},
	series = {HotNets-XII},
	year = {2013},
	isbn = {978-1-4503-2596-7},
	location = {College Park, Maryland},
	pages = {10:1--10:7},
	articleno = {10},
	numpages = {7},
	url = {http://doi.acm.org/10.1145/2535771.2535778},
	doi = {10.1145/2535771.2535778},
	acmid = {2535778},
	publisher = {ACM},
	address = {New York, NY, USA}
}

@article{li2017composable,
	title={Composable architecture for rack scale big data computing},
	author={Li, Chung-Sheng and Franke, Hubertus and Parris, Colin and Abali, Bulent and Kesavan, Mukil and Chang, Victor},
	journal={Future Generation Computer Systems},
	volume={67},
	pages={180--193},
	year={2017},
	publisher={Elsevier}
}

@online{the_machine,
	title = {{HP The Machine. https://goo.gl/ugImWf.}},
	url = {https://goo.gl/ugImWf},
	urldate = {14 Oct, 2017},
	year = 2017,
}


@inproceedings{corey,
	author = {Boyd-Wickizer, Silas and Chen, Haibo and Chen, Rong and Mao, Yandong and Kaashoek, Frans and Morris, Robert and Pesterev, Aleksey and Stein, Lex and Wu, Ming and Dai, Yuehua and Zhang, Yang and Zhang, Zheng},
	title = {Corey: An Operating System for Many Cores},
	booktitle = {Proceedings of the 8th USENIX Conference on Operating Systems Design and Implementation},
	series = {OSDI'08},
	year = {2008},
	location = {San Diego, California},
	pages = {43--57},
	numpages = {15},
	url = {http://dl.acm.org/citation.cfm?id=1855741.1855745},
	acmid = {1855745},
	publisher = {USENIX Association},
	address = {Berkeley, CA, USA},
} 




@inproceedings{disaggr_feasibility,
	author = {Rao, Pramod Subba and Porter, George},
	title = {Is Memory Disaggregation Feasible?: A Case Study with Spark SQL},
	booktitle = {Proceedings of the 2016 Symposium on Architectures for Networking and Communications Systems},
	series = {ANCS '16},
	year = {2016},
	isbn = {978-1-4503-4183-7},
	location = {Santa Clara, California, USA},
	pages = {75--80},
	numpages = {6},
	url = {http://doi.acm.org/10.1145/2881025.2881030},
	doi = {10.1145/2881025.2881030},
	acmid = {2881030},
	publisher = {ACM},
	address = {New York, NY, USA},
} 


@inproceedings{flash_disaggr_euro,
	author = {Klimovic, Ana and Kozyrakis, Christos and Thereska, Eno and John, Binu and Kumar, Sanjeev},
	title = {Flash Storage Disaggregation},
	booktitle = {Proceedings of the Eleventh European Conference on Computer Systems},
	series = {EuroSys '16},
	year = {2016},
	isbn = {978-1-4503-4240-7},
	location = {London, United Kingdom},
	pages = {29:1--29:15},
	articleno = {29},
	numpages = {15},
	url = {http://doi.acm.org/10.1145/2901318.2901337},
	doi = {10.1145/2901318.2901337},
	acmid = {2901337},
	publisher = {ACM},
	address = {New York, NY, USA},
	keywords = {datacenter, flash, network storage},
}


@inproceedings{reflex_asplos,
	author = {Klimovic, Ana and Litz, Heiner and Kozyrakis, Christos},
	title = {ReFlex: Remote Flash \&\#8776; Local Flash},
	booktitle = {Proceedings of the Twenty-Second International Conference on Architectural Support for Programming Languages and Operating Systems},
	series = {ASPLOS '17},
	year = {2017},
	isbn = {978-1-4503-4465-4},
	location = {Xi'an, China},
	pages = {345--359},
	numpages = {15},
	url = {http://doi.acm.org/10.1145/3037697.3037732},
	doi = {10.1145/3037697.3037732},
	acmid = {3037732},
	publisher = {ACM},
	address = {New York, NY, USA},
	keywords = {datacenter storage, flash, i/o scheduling, network storage, qos},
} 

@inproceedings{quartz,
	author = {Volos, Haris and Magalhaes, Guilherme and Cherkasova, Ludmila and Li, Jun},
	title = {Quartz: A Lightweight Performance Emulator for Persistent Memory Software},
	booktitle = {Proceedings of the 16th Annual Middleware Conference},
	series = {Middleware '15},
	year = {2015},
	isbn = {978-1-4503-3618-5},
	location = {Vancouver, BC, Canada},
	pages = {37--49},
	numpages = {13},
	url = {http://doi.acm.org/10.1145/2814576.2814806},
	doi = {10.1145/2814576.2814806},
	acmid = {2814806},
	publisher = {ACM},
	address = {New York, NY, USA},
	keywords = {Performance modeling, benchmarking, memory throttling, performance counters, profiling},
}

@inproceedings{intel_emulator,
	author = {Dulloor, Subramanya R. and Kumar, Sanjay and Keshavamurthy, Anil and Lantz, Philip and Reddy, Dheeraj and Sankaran, Rajesh and Jackson, Jeff},
	title = {System Software for Persistent Memory},
	booktitle = {Proceedings of the Ninth European Conference on Computer Systems},
	series = {EuroSys '14},
	year = {2014},
	isbn = {978-1-4503-2704-6},
	location = {Amsterdam, The Netherlands},
	pages = {15:1--15:15},
	articleno = {15},
	numpages = {15},
	url = {http://doi.acm.org/10.1145/2592798.2592814},
	doi = {10.1145/2592798.2592814},
	acmid = {2592814},
	publisher = {ACM},
	address = {New York, NY, USA},
} 

@inproceedings{Rao,
	author = {Rao, Pramod Subba and Porter, George},
	title = {Is Memory Disaggregation Feasible?: A Case Study with Spark SQL},
	booktitle = {Proceedings of the 2016 Symposium on Architectures for Networking and Communications Systems},
	series = {ANCS '16},
	year = {2016},
	isbn = {978-1-4503-4183-7},
	location = {Santa Clara, California, USA},
	pages = {75--80},
	numpages = {6},
	url = {http://doi.acm.org/10.1145/2881025.2881030},
	doi = {10.1145/2881025.2881030},
	acmid = {2881030},
	publisher = {ACM},
	address = {New York, NY, USA},
}

@inproceedings {infiniswap,
	author = {Juncheng Gu and Youngmoon Lee and Yiwen Zhang and Mosharaf Chowdhury and Kang G. Shin},
	title = {Efficient Memory Disaggregation with Infiniswap},
	booktitle = {14th USENIX Symposium on Networked Systems Design and Implementation (NSDI 17)},
	year = {2017},
	isbn = {978-1-931971-37-9},
	address = {Boston, MA},
	pages = {649--667},
	url = {https://www.usenix.org/conference/nsdi17/technical-sessions/presentation/gu},
	publisher = {USENIX Association},
} 

@inproceedings{Volos_mne,
	author = {Volos, Haris and Tack, Andres Jaan and Swift, Michael M.},
	title = {Mnemosyne: Lightweight Persistent Memory},
	booktitle = {Proceedings of the Sixteenth International Conference on Architectural Support for Programming Languages and Operating Systems},
	series = {ASPLOS XVI},
	year = {2011},
	isbn = {978-1-4503-0266-1},
	location = {Newport Beach, California, USA},
	pages = {91--104},
	numpages = {14},
	url = {http://doi.acm.org/10.1145/1950365.1950379},
	doi = {10.1145/1950365.1950379},
	acmid = {1950379},
	publisher = {ACM},
	address = {New York, NY, USA},
	keywords = {memory transactions, performance, persistence, persistent memory, storage-class memory},
} 

@inproceedings{tiered_nvm,
	author = {Dulloor, Subramanya R. and Roy, Amitabha and Zhao, Zheguang and Sundaram, Narayanan and Satish, Nadathur and Sankaran, Rajesh and Jackson, Jeff and Schwan, Karsten},
	title = {Data Tiering in Heterogeneous Memory Systems},
	booktitle = {Proceedings of the Eleventh European Conference on Computer Systems},
	series = {EuroSys '16},
	year = {2016},
	isbn = {978-1-4503-4240-7},
	location = {London, United Kingdom},
	pages = {15:1--15:16},
	articleno = {15},
	numpages = {16},
	url = {http://doi.acm.org/10.1145/2901318.2901344},
	doi = {10.1145/2901318.2901344},
	acmid = {2901344},
	publisher = {ACM},
	address = {New York, NY, USA},
} 

@inproceedings{ycsb,
	author = {Cooper, Brian F. and Silberstein, Adam and Tam, Erwin and Ramakrishnan, Raghu and Sears, Russell},
	title = {Benchmarking Cloud Serving Systems with YCSB},
	booktitle = {Proceedings of the 1st ACM Symposium on Cloud Computing},
	series = {SoCC '10},
	year = 2010,
	isbn = {978-1-4503-0036-0},
	location = {Indianapolis, Indiana, USA},
	pages = {143-154},
	numpages = 12,
	url = {http://doi.acm.org/10.1145/1807128.1807152},
	doi = {10.1145/1807128.1807152},
	acmid = {1807152},
	publisher = {ACM},
	address = {New York, NY, USA},
	keywords = {benchmarking, cloud serving database},
	chapter = 1,
}

@online{dimerepo,
	key = {DiME Git Repository},
	title = {{DiME source code repository: https://github.com/networkedsystemsIITB/DiME}},
	url = {https://github.com/networkedsystemsIITB/DiME},
	urldate = {23 July, 2017},
	year = 2017,
}

@inproceedings{rackscale_queue,
	author = {Novakovic, Stanko and Daglis, Alexandros and Bugnion, Edouard and Falsafi, Babak and Grot, Boris},
	title = {The Case for RackOut: Scalable Data Serving Using Rack-Scale Systems},
	booktitle = {Proceedings of the Seventh ACM Symposium on Cloud Computing},
	series = {SoCC '16},
	year = {2016},
	isbn = {978-1-4503-4525-5},
	location = {Santa Clara, CA, USA},
	pages = {182--195},
	numpages = {14},
	url = {http://doi.acm.org/10.1145/2987550.2987577},
	doi = {10.1145/2987550.2987577},
	acmid = {2987577},
	publisher = {ACM},
	address = {New York, NY, USA},
	keywords = {RDMA, Rack-scale systems, data skew},
} 



